2066 3460
891 316 1066 356 -254
1129 337 1184 343 -,

475 432 618 486 Sepal.
653 432 821 475 dorsale
853 432 994 475 album
1026 432 1163 475 medio
1196 436 1240 476 et
1271 432 1363 476 basi
1380 432 1529 485 viride,
1554 431 1698 486 petala
1718 430 1821 475 line-

468 504 561 547 aria
593 504 636 547 in
671 503 842 547 dimidio
874 504 1094 559 superiore
1126 518 1368 548 verrucosa.

1044 583 1114 619 50.
1150 577 1194 620 C.
1232 577 1413 621 C'zcrte'se'e'
1444 577 1578 620 Rchb.
1611 577 1643 632 f.

473 660 569 714 Sep.
604 660 773 704 dorsale
806 659 944 703 viride
976 661 1382 715 albo-marginatum
1420 661 1511 704 basi
1549 662 1822 715 nigro-punc-

470 736 549 775 tat.
584 733 729 786 petala
761 745 891 786 supra
924 746 1162 786 purpurea,
1192 732 1306 775 infra
1338 733 1507 783 viridia,
1548 733 1688 775 lineaa
1705 735 1824 775 trata

468 804 677 847 mediana.
1039 810 1108 847 51.
1146 804 1189 847 C.
1224 804 1422 847 dilectum
1454 804 1588 848 Rclzb.
1621 805 1652 858 f.

477 888 576 942 Sep.
611 888 779 930 dorsale
812 900 990 941 parvum
1023 888 1159 932 viride
1191 888 1279 931 late
1302 889 1718 943 albo-marginatum,
1753 901 1823 942 pe-

469 960 558 1003 tala
591 973 749 1014 cuprea
781 961 1189 1015 nigro-punemlata.

1044 1038 1112 1075 52.
1150 1032 1194 1075 C.
1233 1032 1576 1075 Illasterse'cmamz
1617 1032 1750 1075 Rem).
1789 1032 1823 1087 f.

473 1115 572 1169 Sep.
617 1116 727 1159 dors.
776 1117 916 1159 album
965 1117 1082 1160 striis
1120 1117 1324 1161 viridibus
1363 1121 1407 1160 et.
1448 1117 1673 1172 purpureis
1715 1117 1825 1160 alter

473 1187 674 1230 nantibus
706 1192 914 1231 notatum.

477 1273 633 1315 Petala
676 1273 897 1326 superiora
943 1274 1196 1328 glandulosa
1233 1275 1428 1327 barbata,
1477 1274 1602 1317 flores
1639 1277 1826 1317 ceterum

477 1344 679 1398 purpurei
711 1345 813 1387 folia
843 1345 1304 1389 intense-marmorata.

1046 1423 1116 1459 53.
1152 1417 1197 1460 C.
1232 1417 1452 1461 barbatmn
1483 1417 1633 1460 Lindl.

470 1489 534 1531 Ut
581 1489 843 1542 praecedens
891 1489 965 1531 sed
998 1489 1123 1532 fiores
1156 1490 1489 1544 atro-purpurei
1523 1494 1566 1532 et
1605 1489 1706 1532 folia
1738 1489 1825 1543 pal-

470 1560 571 1603 lida.
1045 1566 1113 1604 54.
1151 1562 1195 1604 C.
1230 1562 1440 1617 wyritum
1471 1561 1606 1604 Releb.
1639 1562 1672 1616 f.

475 1633 533 1675 Ut
563 1632 825 1686 praecedens
863 1633 937 1675 sed
975 1634 1121 1686 petala
1158 1634 1251 1677 basi
1290 1634 1444 1678 viridia
1473 1634 1826 1687 nigro-punctata

472 1704 613 1746 antiee
645 1717 873 1758 purpurea.
1043 1711 1112 1747 55.
1149 1705 1193 1748 C.
1221 1709 1518 1760 pmpeercctnm
1549 1706 1699 1748 Limll.

471 1788 614 1841 Sepal.
649 1788 760 1831 dors.
794 1801 963 1831 roseum
996 1790 1281 1832 roseo-striat.
1315 1793 1401 1844 pet.
1436 1789 1528 1832 basi
1561 1788 1715 1833 viridia
1742 1792 1822 1831 eet.

470 1872 608 1913 rosea,
643 1863 832 1902 ceterum
865 1863 913 1903 ut
945 1862 1220 1914 praecedens.

1044 1938 1111 1975 56.
1149 1933 1193 1976 C.
1229 1933 1416 1976 ciliolccre
1449 1933 1581 1976 Rom).
1613 1934 1646 1988 f.

471 2014 570 2069 Sep.
604 2015 717 2058 dors.
751 2016 833 2058 alb.
866 2016 990 2059 lineis
1023 2017 1281 2060 centralibus
1320 2018 1428 2060 albis
1467 2017 1751 2060 exterioribus
1783 2030 1823 2061 v.

475 2099 606 2140 supra
638 2088 1021 2141 roseo-purpureis,
1055 2089 1201 2142 petala
1233 2089 1425 2132 cruciata
1447 2089 1645 2142 utrinque
1677 2102 1824 2134 verru-

473 2171 573 2201 cosa
606 2159 751 2201 eiliata
784 2159 938 2203 viridia
970 2160 1089 2214 apice
1121 2164 1289 2204 tantum
1321 2174 1458 2204 rosea.

1045 2239 1113 2276 57.
1150 2233 1195 2276 C.
1229 2233 1605 2276 Lau-rencecmzmz
1632 2233 1766 2276 Rohb.
1789 2233 1822 2289 f.

470 2303 533 2345 Ut
565 2303 829 2356 praecedens
863 2305 936 2346 sed
969 2305 1100 2348 multo
1139 2305 1288 2360 majus,
1327 2306 1472 2359 petala
1511 2305 1725 2348 dimidium
1757 2319 1824 2348 us-

473 2387 553 2427 que
585 2374 739 2418 viridia
772 2375 924 2418 deinde
955 2376 1240 2430 viridi-rosea,
1274 2378 1491 2420 filamenta
1528 2377 1765 2420 bidentata.

1042 2455 1110 2492 58.
1148 2449 1193 2492 C.
1228 2449 1430 2491 callosum
1461 2449 1594 2491 Rchb.
1628 2449 1662 2503 f.

470 2517 534 2560 Ut
566 2519 828 2571 praecedens
879 2521 953 2562 sed
1002 2533 1091 2574 sep.
1140 2521 1308 2563 dorsale
1355 2521 1610 2563 cucullatum
1653 2523 1826 2563 acutum

470 2591 595 2634 flores
626 2591 871 2634 medioeres.
1042 2598 1110 2635 59.
1148 2592 1192 2634 C.
1224 2591 1534 2634 Wolterz'anmn
1565 2591 1688 2634 Krzl.

472 2663 536 2705 Ut
592 2663 853 2716 praecedens
910 2664 985 2706 sed
1021 2665 1153 2706 multo
1200 2664 1335 2706 minus
1383 2664 1529 2716 petala
1576 2663 1826 2717 angustiora

473 2746 605 2789 supra
637 2734 710 2777 vix
742 2747 985 2789 verrucosa,
1019 2735 1146 2778 flores
1179 2734 1345 2777 omnino
1378 2734 1550 2777 virides.

1047 2812 1115 2848 60.
1151 2805 1196 2849 C.
1225 2805 1483 2859 javcmicum
1511 2806 1681 2849 Remu).

472 2877 536 2919 Ut
576 2877 837 2930 praecedens
884 2878 959 2920 sed
1005 2877 1131 2920 flores
1172 2877 1302 2920 etiam
1350 2877 1546 2931 minores,
1595 2877 1697 2920 folia
1735 2877 1824 2931 pal-

473 2948 575 3002 lida,
610 2948 910 2991 staminodium
942 2948 1134 3002 pilosum.

1044 3025 1111 3064 61.
1147 3020 1192 3063 C.
1228 3020 1371 3063 virens
1403 3020 1537 3063 Raab.
1570 3020 1602 3075 f.
