2066 3460
500 1070 942 1147 Monandrae.
1006 1068 1492 1151 Orchidaceae.

332 1331 577 1366 Orchidaccae
604 1331 772 1375 Limllegs.
801 1332 888 1366 Nat.
917 1336 1005 1378 syst.
1032 1332 1087 1367 etl.
1111 1334 1155 1375 ll,
1177 1335 1270 1375 .3’.};(];
1298 1334 1440 1366 Genera
1466 1335 1499 1366 et
1524 1332 1670 1377 Species
1692 1335 1785 1368 1840

207 1403 243 1436 2¹-
271 1392 342 1436 XI,
370 1394 448 1426 381.
475 1391 585 1426 Rom).
610 1392 638 1433 f.
675 1392 843 1436 walpem-
868 1393 1006 1427 Amwl.
1026 1392 1104 1437 III,
1134 1396 1219 1436 5163
1248 1392 1379 1434 Psitzer
1405 1392 1447 1426 in
1472 1391 1613 1437 Enylcr
1637 1392 1782 1430 Prcmtl.

212 1452 361 1487 Natat-l.
390 1451 730 1494 I’slanzewfamilc'en
748 1451 790 1485 Π
811 1453 895 1486 Abt.
915 1457 947 1497 (ί,
968 1455 1024 1487 53.
1053 1473 1096 1478 —
1127 1451 1325 1486 Orclmleae
1354 1452 1486 1486 Haller
1512 1455 1618 1487 1742).
1647 1453 1780 1488 Enum.

207 1512 316 1555 stim.
346 1512 485 1546 Helvct.
507 1511 630 1555 praef.
650 1514 707 1555 33,
735 1511 899 1546 Linnaei
925 1515 957 1546 et
983 1512 1145 1547 omnimn
1175 1512 1254 1554 fere
1280 1514 1483 1546 auctorum.
1524 1531 1568 1536 -
1610 1510 1783 1548 Orchicles

208 1571 360 1606 Jnssz'cn
385 1572 478 1606 hort.
509 1571 634 1606 Trian.
663 1575 766 1607 1759.

328 1646 479 1688 Flores
526 1645 864 1699 hermaphroditi
911 1646 1050 1688 rarius
1099 1645 1236 1689 dioec-i
1283 1658 1322 1688 v.
1365 1645 1594 1700 polygami.
1658 1645 1780 1689 Peri-

209 1717 382 1771 genium
429 1716 586 1759 foliolis
636 1722 658 1759 6
692 1716 735 1759 111
784 1717 964 1760 circulos
997 1724 1021 1760 2
1056 1718 1323 1760 alternantes
1365 1717 1581 1771 dispositis
1614 1731 1779 1772 compo-

207 1789 347 1841 situm,
396 1789 472 1831 illa
519 1788 668 1832 circuli
716 1789 940 1832 exterioris
990 1790 1191 1844 „sepala“
1229 1789 1367 1840 dicta3
1401 1789 1601 1832 lateralia
1633 1788 1780 1833 circuli

206 1861 365 1903 interni
416 1861 612 1915 „petala“
662 1861 902 1903 medianum
935 1861 1085 1904 circuli
1115 1860 1333 1904 interioris
1367 1874 1495 1914 saepe
1527 1861 1778 1915 ampliatum

208 1936 428 1975 structura
474 1945 599 1985 quani
631 1932 814 1975 maxime
848 1933 1021 1976 varians
1057 1933 1310 1986 „labellum‘⁴
1347 1932 1521 1976 dictum.
1584 1932 1779 1976 Stamina

210 2011 230 2046 1
267 2004 482 2047 rarissime
516 2009 540 2045 3
575 2016 668 2047 cum
701 2004 813 2058 stylo
845 2004 889 2046 in
922 2017 1076 2058 corpus
1112 2005 1334 2057 ⁷‚columna
1365 2017 1405 2048 v.
1432 2005 1774 2059 gynostemiuin“

207 2075 367 2118 dictum
415 2075 571 2118 coalita
619 2074 703 2129 (Sc.
754 2079 921 2119 stamen
968 2076 1140 2119 unicum
1187 2076 1223 2119 si
1268 2077 1391 2119 adest
1434 2076 1581 2130 sepalo
1620 2076 1778 2119 dorsali

207 2147 459 2201 oppositum,
501 2147 537 2189 si
580 2152 604 2189 3
644 2147 804 2200 petalis
835 2148 898 2190 illi
931 2151 975 2191 et
1015 2148 1268 2191 lateralibus
1315 2147 1544 2202 opposita).
1608 2147 1777 2203 Stigma

205 2218 247 2261 in
281 2219 446 2262 areolas
486 2224 509 2261 2
549 2217 765 2261 rarissime
805 2225 828 2261 3
864 2219 1001 2262 divisa
1040 2232 1217 2272 quarum
1251 2225 1275 2262 2
1310 2219 1549 2274 (laterales)
1583 2221 1638 2263 ad
1670 2219 1775 2263 reci-

208 2290 408 2344 piendum
440 2290 582 2343 pollen
621 2293 762 2344 aptae,
798 2290 929 2333 tertia
961 2291 1210 2344 plerumque
1242 2291 1286 2333 in
1319 2304 1525 2345 organum
1558 2291 1776 2345 peculiare

211 2362 485 2414 „rostellum“
533 2361 692 2404 dictum
730 2360 1057 2414 transtorinata;
1099 2362 1302 2416 stigmata
1333 2362 1583 2417 plerumque
1624 2362 1775 2407 foveae

208 2433 374 2487 glutine
407 2432 593 2475 scatenti
624 2432 861 2486 immersae,
895 2433 1033 2476 rarius
1071 2435 1281 2487 producta
1311 2447 1352 2478 v.
1376 2434 1587 2488 stipitata.
1620 2434 1775 2478 Pollen

206 2508 283 2547 aut
314 2505 537 2557 pulverum
569 2507 646 2547 aut
676 2504 951 2558 granulosum
982 2508 1059 2548 aut
1081 2518 1261 2559 cereum,
1295 2505 1544 2559 plerumque
1565 2506 1774 2549 massulas

208 2583 233 2619 2
267 2575 501 2630 (interdum
540 2581 562 2618 4
599 2589 638 2619 v.
672 2576 754 2618 imo
789 2575 832 2630 ὅ)
864 2576 1066 2620 formans.
1092 2577 1263 2631 saepius
1284 2577 1326 2620 in
1354 2578 1603 2630 „tetradas“
1636 2577 1771 2621 dictas

206 2647 444 2700 dissectile;
477 2648 689 2690 massalae
719 2647 763 2689 in
795 2660 1020 2701 processus
1046 2649 1346 2699 „caudiculae“
1373 2649 1513 2692 dictae
1537 2649 1772 2702 productae

206 2723 250 2761 et
295 2719 523 2772 glandulae
572 2719 722 2762 unicae
769 2732 810 2762 v.
859 2719 966 2762 binis
998 2720 1168 2763 affixae.
1211 2745 1268 2750 -
1306 2721 1485 2763 Herbae
1522 2734 1563 2764 v.
1595 2720 1772 2764 frutices

204 2802 426 2844 perennes,
468 2791 698 2843 pleraeque
730 2790 944 2833 radicibus
975 2792 1148 2845 proprie
1180 2792 1370 2834 dicendis
1401 2790 1650 2845 instructae,
1684 2794 1771 2835 ter-

204 2865 365 2904 restres
413 2875 453 2904 v.
489 2863 774 2916 epiphyticae,
823 2863 966 2905 caules
1019 2863 1242 2916 sympodia
1273 2876 1314 2905 v.
1348 2863 1487 2906 rarius
1519 2863 1770 2918 monopodia

205 2932 449 2975 efficientes.
499 2932 679 2986 Saepius
711 2933 755 2975 in
789 2933 992 2987 ‚‚bulbos“
1028 2933 1268 2986 incrassati,
1302 2934 1403 2977 folia
1436 2937 1512 2977 aut
1559 2935 1772 2978 herbacea

205 3002 384 3058 (annua)
432 3007 506 3046 aut
545 3004 738 3047 coriacea
776 3017 816 3047 v.
857 3004 940 3047 imo
980 3005 1264 3060 cartilaginea
1303 3004 1541 3060 (perennia)
1584 3006 1769 3060 duplica-

204 3074 296 3119 tiva
333 3088 373 3119 v.
407 3075 692 3121 convolutiva.
755 3076 1106 3124 Infiorescentiae
1137 3089 1383 3121 racemosae
1415 3076 1653 3135 (rarissime
1684 3091 1769 3126 mo-
