2066 3460
889 383 1181 423 „gg-

252 499 458 553 nanthae)
494 500 694 543 laterales
727 513 801 542 seu
834 500 1093 543 terminales
1157 500 1343 543 Fructus
1375 499 1589 553 capsulae,
1630 497 1767 541 valvis
1793 503 1816 540 6

254 572 301 627 (3
349 573 574 616 latioribus
607 579 630 614 3
666 573 986 625 angustioribus
1031 571 1365 622 alternantibus)
1407 571 1679 625 compositae.
1745 571 1817 614 Se-

255 645 368 688 mina
399 644 742 688 numerosissima
775 645 989 698 pulverea.
1055 645 1244 698 Embryo
1282 643 1470 687 minutus
1501 646 1615 686 testa
1643 643 1820 698 hyalina

254 717 483 760 reticulata
514 716 656 760 rarius
690 720 924 760 crustacea.

826 906 867 961 Ι.
925 906 1242 976 Ophrydeae.

782 1016 840 1060 A.
875 1017 1285 1061 Bursiculatae.

759 1113 873 1157 Sect.
909 1114 944 1156 Ι.
1009 1112 1322 1170 Ophrydinae.

381 1208 594 1255 Oplcrydeae
611 1208 773 1253 Lindley
792 1207 895 1243 Orela.
924 1207 1078 1243 Sceletos
1104 1209 1230 1251 (1826)
1252 1211 1314 1250 123
1343 1207 1546 1243 Endlc'elzer
1566 1208 1709 1243 Genera
1734 1209 1827 1242 1837

253 1280 293 1314 p.
319 1271 419 1313 2083
453 1267 557 1304 Oreh.
583 1279 660 1313 qen.
685 1278 723 1311 p.
755 1271 790 1311 73
824 1267 951 1301 Lindl.
983 1268 1126 1303 Genera
1159 1271 1192 1302 et
1218 1268 1363 1311 Species
1390 1269 1611 1310 1835—393
1645 1262 1827 1302 Bentlzam

258 1332 292 1363 et
318 1327 466 1363 Hooker
486 1329 629 1364 Genera
650 1327 725 1371 HI,
743 1329 832 1368 485;
860 1327 1094 1362 Monandrae
1121 1328 1324 1362 Basitonae
1348 1326 1602 1372 Ophrydimte3
1630 1326 1762 1369 Pfitzer
1786 1327 1828 1360 in

259 1389 400 1434 Enyler
427 1388 577 1424 Natura.
605 1388 672 1431 sz.
701 1389 805 1424 Pam.
834 1387 875 1421 ΙΙ
899 1388 982 1424 Abt.
1012 1391 1045 1432 6,
1075 1390 1130 1424 74.

380 1463 537 1517 Sepala
585 1463 813 1516 petalaque
845 1462 958 1504 inter
997 1475 1041 1504 se
1074 1466 1147 1504 aut
1182 1461 1415 1504 subsimilia
1448 1465 1524 1504 aut
1554 1461 1702 1515 petala
1734 1460 1829 1515 plus

260 1536 399 1578 minus
431 1535 616 1586 diversa,
652 1534 857 1587 simplicia
890 1539 966 1576 aut
999 1533 1210 1587 profunde
1242 1533 1417 1586 partita,
1451 1546 1542 1575 cum
1566 1532 1710 1586 sepalo
1733 1532 1828 1575 dor-

261 1607 340 1650 sali
374 1607 571 1660 galeata;
620 1606 815 1649 labellum
851 1606 1110 1659 subsimplex
1150 1618 1189 1647 v.
1223 1605 1489 1659 tripartitum
1522 1608 1598 1648 aut
1629 1604 1830 1647 trilobum

263 1678 511 1733 saepissime
535 1678 820 1728 calcaratun1;
854 1678 1062 1719 antherae
1095 1690 1261 1730 semper
1294 1676 1565 1729 persistentis
1596 1675 1723 1718 loculi
1754 1680 1831 1718 aut

262 1751 356 1794 basi
388 1750 585 1804 producti
624 1754 699 1792 aut
731 1762 827 1802 non,
864 1749 1031 1802 pollinis
1063 1749 1276 1791 massulae
1307 1747 1566 1802 granulosae
1598 1747 1678 1790 filis
1709 1751 1829 1790 tena-

264 1822 442 1866 cissimis
474 1822 620 1865 unitae
667 1822 807 1864 antice
842 1822 885 1863 in
918 1833 1141 1874 processus
1176 1820 1437 1873 (caudiculas
1469 1818 1620 1873 dictos)
1653 1819 1830 1872 produc-

267 1899 354 1947 tae,
389 1894 592 1948 glandula
625 1893 844 1947 glutinosa
880 1899 899 1935 1
936 1906 976 1935 v.
1011 1897 1035 1934 ‘2
1069 1892 1269 1944 munitae,
1305 1891 1519 1945 stigmatis
1550 1891 1721 1933 areolae
1754 1890 1830 1944 (la-

264 1965 444 2019 terales)
486 1971 526 2018 2,
559 1965 694 2008 tertia
727 1964 957 2015 (mediana)
991 1963 1035 2006 iu
1068 1962 1362 2017 corpusculum
1395 1962 1667 2016 triangulum,
1702 1961 1831 2015 plica-

263 2041 352 2080 tum
385 2050 425 2081 v.
459 2037 620 2079 lineare
653 2036 893 2089 (rostellum
925 2034 1102 2081 dictum>
1134 2036 1311 2085 mutata,
1346 2033 1516 2076 areolae
1539 2038 1563 2076 2
1594 2037 1669 2075 aut
1706 2046 1831 2076 exca-

262 2109 427 2153 vationi
448 2109 543 2163 plus
566 2108 702 2151 minus
725 2106 961 2160 profundae
984 2107 1207 2149 immersae
1226 2110 1301 2148 aut
1318 2105 1361 2147 in
1379 2105 1516 2159 stylos
1533 2105 1834 2159 polymorphos

265 2181 477 2224 evolutae.
513 2205 568 2209 —
600 2180 785 2222 Plantae
833 2182 1065 2221 terrestres
1113 2178 1327 2230 bulbosae‚
1361 2177 1515 2219 bulbae
1546 2176 1759 2231 simplices
1789 2189 1832 2219 v.

265 2252 442 2305 divisae,
491 2251 631 2294 rarius*
676 2251 905 2293 ebulbosae
938 2250 1011 2293 axi
1043 2249 1246 2304 primaria
1278 2249 1560 2291 subterranea
1581 2248 1831 2301 instructae,

265 2324 399 2367 caulis
431 2327 506 2366 aut
538 2323 704 2365 omuino
737 2326 811 2365 aut
844 2321 938 2365 basi
970 2325 1139 2364 tantum
1171 2320 1345 2364 foliosus
1389 2319 1704 2362 inflorescentia
1743 2321 1828 2361 ter-

264 2393 432 2438 minalis
479 2406 710 2447 racemosa,
745 2393 870 2436 flores
911 2392 1097 2435 torsione
1139 2391 1275 2436 ovarii
1306 2390 1545 2444 resupinati
1574 2390 1715 2434 rarius
1745 2402 1829 2433 non

264 2466 513 2521 resupinati.

624 2559 772 2605 Clavis
805 2561 1060 2604 sectionum
1093 2555 1463 2614 Ophrydearum,

315 2651 353 2688 1.
386 2645 701 2688 Bursiculatae.
1401 2648 1438 2685 1.
1474 2642 1763 2697 opha-ydmae.

313 2720 353 2758 2.
386 2715 729 2758 Ebursiculatae.

421 2786 479 2829 A.
513 2787 713 2829 Anthera
744 2789 864 2829 recta
886 2786 1089 2839 angulum
1112 2797 1203 2827 cum
1225 2783 1491 2837 gynostemio
1521 2797 1604 2826 non
1628 2784 1829 2827 efficiens.

553 2871 590 2900 a..
625 2858 842 2912 Stigmata
875 2863 899 2900 2
934 2858 1029 2910 plus
1061 2856 1198 2899 minus
1230 2855 1356 2908 longe
1388 2855 1608 2908 producta.

1397 2931 1436 2968 2.
1470 2923 1803 2968 Habeam-{eccas

551 3002 591 3043 b.
627 3000 842 3061 Stigmata
884 3001 1090 3059 producta
1122 2999 1261 3051 nulla,
1301 2997 1375 3040 sed
1416 2998 1543 3039 fovea
1575 2996 1829 3050 stigmatica.

1396 3074 1434 3116 3.
1471 3067 1808 3122 Gymnadeniae.
