2066 3460
866 341 1191 381 —438-m

251 453 409 499 dorsali
441 454 676 499 arctissime
699 455 1035 510 cohaerentibus,
1068 456 1223 500 labello
1256 455 1442 511 simplice
1465 455 1646 511 ligulato
1669 455 1809 500 antice

252 531 389 582 acuto,
438 528 574 571 medio
621 528 792 582 paulum
839 528 1019 572 dilatato
1059 529 1214 582 sepalis
1247 530 1371 583 paulo
1411 529 1615 584 longiore,
1650 529 1809 572 calcari

252 601 442 643 ovarium
472 600 597 654 longe
631 600 931 654 pedicellatum
963 605 1175 654 aequante
1206 605 1323 643 recto
1353 614 1374 643 e
1397 601 1520 643 fauce
1553 601 1809 654 amplissima

251 671 390 715 subito
437 674 658 715 contracto
707 673 974 725 dependente
1021 672 1182 726 apicem
1222 686 1372 715 versus
1405 672 1559 715 sensim
1590 672 1735 715 inflato
1766 673 1809 715 in

250 744 468 786 bracteam
517 747 585 786 ter
623 743 859 787 breviorem
898 744 1202 796 descendente;
1246 746 1525 798 processubus
1557 743 1810 799 stigmaticis

251 814 512 859 brevissimis
544 815 712 868 crassiS,
737 816 954 858 canalibus
978 816 1169 869 stipitum
1192 816 1265 859 vix
1288 816 1563 870 aequilongis,
1601 816 1809 870 (omnibus

251 885 315 928 his
347 887 542 940 partibus
574 890 673 929 ante
707 887 852 929 florem
885 900 909 929 a
940 887 1077 930 latere
1110 887 1246 931 visum
1278 888 1350 931 vix
1382 889 1450 931 vel
1479 901 1559 930 non
1594 887 1810 941 prosilien-

251 956 400 1011 tibus),
448 958 622 1001 rostello
655 958 891 1001 tridentato
939 959 1066 1001 dente
1104 959 1353 1002 intermedio
1386 959 1626 1010 longissimo
1659 957 1812 1001 lineari

252 1028 480 1082 interjecto
528 1035 712 1083 utraque
760 1033 884 1083 parte
925 1030 1080 1084 angulo
1120 1031 1268 1073 obtuso
1303 1031 1531 1073 rotundato
1566 1029 1810 1084 (singularis

251 1100 417 1142 rostelli
449 1099 612 1143 fabrica
645 1114 770 1154 quam
792 1101 1161 1144 Reichenbachius
1191 1115 1231 1145 v.
1254 1102 1313 1144 ill.
1338 1102 1675 1154 breviloquentia
1698 1101 1810 1144 haud

251 1171 359 1214 satis
400 1175 603 1215 accurata
648 1185 917 1226 „processum
955 1174 1266 1226 pentagonum“
1304 1172 1446 1227 dixit),
1479 1174 1660 1216 anthera
1691 1172 1810 1226 apice

252 1242 472 1296 triangula
504 1246 633 1286 acuta
664 1246 761 1297 post
798 1245 1018 1287 rostellum
1050 1244 1183 1287 multo
1215 1244 1528 1297 productiorem
1560 1244 1684 1297 plane
1717 1245 1810 1286 abs·

252 1314 435 1357 condita.
485 1339 540 1345 —
589 1315 746 1369 Sepala
793 1319 837 1358 et
880 1316 1024 1369 petala
1074 1322 1097 1359 6
1139 1329 1220 1357 111111
1268 1317 1397 1369 longa
1446 1321 1557 1358 2-3
1591 1329 1674 1358 mm
1705 1315 1810 1368 lata,

251 1385 449 1429 labellum
482 1386 790 1440 aequilongum,
826 1388 967 1430 calcar
999 1393 1068 1439 2,5
1102 1400 1166 1430 cm
1198 1388 1310 1441 long.
1346 1411 1400 1416 -
1434 1387 1684 1430 Februario,

370 1468 585 1503 Habenaria
610 1469 828 1503 Prolem-um
853 1468 962 1503 Rchb.
987 1468 1016 1510 f.
1057 1469 1141 1504 Ocea
1166 1471 1224 1513 57,
1252 1472 1284 1503 ec
1311 1469 1426 1505 Flora
1453 1470 1557 1513 1865,
1584 1470 1673 1514 1783
1709 1468 1811 1504 Krzl.

250 1526 293 1561 in
318 1527 487 1572 Ewyler's
513 1528 642 1563 Jahrb.
669 1527 782 1573 XVI,
804 1531 887 1564 215.

370 1600 484 1645 Trop.
513 1600 797 1635 West-Afrika:
839 1600 1074 1645 „Terrestris
1113 1601 1151 1634 in
1192 1600 1369 1635 arenosis
1410 1600 1681 1635 subumbrosis
1720 1600 1811 1635 Pro·

251 1661 495 1695 tcaeetorum
533 1660 573 1694 in
613 1660 725 1705 sylva
752 1660 810 1694 De
837 1660 1009 1704 Monino,
1043 1660 1150 1694 distr.
1179 1660 1346 1696 Huillae.
1373 1660 1470 1703 Reg.
1498 1660 1579 1694 IIIa
1608 1670 1692 1704 sup.
1720 1662 1813 1694 3800

251 1721 393 1754 -5500
420 1731 455 1764 p.
483 1719 570 1754 alt.“
601 1731 648 1754 ex
675 1719 952 1754 Reichenbach
980 1719 1002 1753 1.
1032 1730 1062 1754 c.
1094 1720 1214 1765 [Inter
1243 1719 1301 1754 14⁰
1328 1722 1368 1755 et
1398 1719 1456 1754 16⁰
1482 1720 1617 1765 ausin]
1638 1719 1813 1754 Februar

255 1780 344 1814 1860
373 1779 615 1825 (Welwitsch
638 1778 693 1825 (N.
716 1778 815 1823 7083)

374 1904 474 1943 394.
522 1900 642 1944 Hab
661 1913 727 1943 en
744 1913 769 1942 a
787 1900 835 1942 ri
856 1913 882 1942 a
913 1913 978 1943 an
999 1914 1028 1954 g
1045 1900 1100 1942 ui
1120 1914 1141 1942 c
1158 1913 1180 1942 e
1198 1914 1224 1954 p
1243 1913 1262 1943 s
1284 1901 1428 1943 Bolus.
1462 1900 1705 1944 Tuberidiis
1735 1913 1812 1954 pro

253 1972 429 2026 plautae
474 1971 767 2026 magnitudine
815 1971 1010 2014 maximis
1058 1971 1167 2026 (vidi
1208 1972 1461 2015 tuberidium
1501 1972 1731 2015 abscissum
1764 1973 1812 2026 (l)

256 2049 281 2086 5
310 2056 373 2086 cm
407 2043 520 2096 long.
555 2045 599 2085 et
631 2043 724 2085 basi
757 2049 826 2096 2,5
856 2056 920 2085 cm
952 2045 1172 2097 crassum),
1206 2044 1324 2086 caule
1358 2049 1528 2086 15——40
1552 2056 1616 2087 cm
1644 2044 1731 2086 alto
1758 2045 1812 2086 ab

253 2114 349 2168 ipsa
387 2114 480 2157 basi
512 2114 760 2157 densissime
799 2115 958 2167 foliato,
1000 2114 1111 2158 foliis
1152 2115 1569 2158 lineari-lanceolatis
1601 2115 1739 2158 acutis
1771 2128 1811 2159 v.

254 2186 505 2229 acuminatis
538 2187 591 2229 ad
625 2191 649 2229 8
684 2199 747 2228 cm
779 2186 918 2241 longis
951 2186 1005 2229 ad
1040 2192 1063 2229 8
1097 2200 1180 2229 mm
1220 2186 1321 2229 latis
1353 2187 1507 2229 sensim
1539 2187 1582 2230 in
1613 2188 1812 2230 bracteas

254 2257 610 2311 decrescentibus,
633 2270 800 2301 racemo
824 2258 993 2311 saepius
1015 2258 1230 2300 dimidium
1248 2258 1380 2301 totius
1396 2259 1571 2312 plantae
1588 2260 1811 2311 aequante,

254 2329 441 2373 bracteis
475 2342 599 2381 quam
631 2329 757 2372 flores
789 2329 1048 2383 longioribus
1080 2342 1210 2383 supra
1231 2330 1421 2373 comosis.
1470 2330 1624 2383 Sepalo
1656 2330 1813 2372 dorsali

257 2403 398 2453 ovato,
432 2400 682 2443 lateralibus
714 2400 884 2443 reflexis
906 2401 1156 2443 lanceolatis
1186 2400 1456 2454 subobliquis,
1480 2400 1635 2455 petalis
1655 2401 1812 2443 latera-

255 2472 364 2514 libus
410 2471 670 2525 simplicibus
716 2471 967 2514 lanceolatis
1013 2471 1151 2515 acutis
1197 2471 1439 2527 sigmoideis
1477 2472 1622 2526 sepalo
1654 2472 1813 2515 dorsali

257 2542 538 2598 agglutinatis
585 2542 776 2596 apicibus
815 2542 960 2585 liberis
1001 2555 1094 2585 cum
1127 2555 1175 2586 eo
1208 2542 1386 2585 formam
1419 2542 1569 2596 capitis
1602 2544 1813 2598 serpentis

255 2614 549 2667 formantibus,
596 2614 751 2657 labello
790 2614 978 2668 simplice
1010 2615 1160 2658 lineari
1198 2617 1346 2658 obtuso
1389 2615 1546 2669 sepalis
1578 2615 1813 2669 petalisque

255 2686 519 2740 aequilongo,
544 2686 700 2728 calcari
721 2686 866 2728 inflato
890 2688 1060 2736 obtuso;
1084 2687 1366 2740 processubus
1388 2687 1641 2740 stigmaticis
1663 2699 1813 2740 parum

256 2758 491 2812 productis,
526 2758 732 2800 antherae
766 2757 988 2799 canalibus
1010 2758 1284 2801 brevissimis.
1318 2781 1373 2787 —-
1397 2758 1548 2800 Flores
1580 2758 1812 2801 mediocres

255 2829 403 2882 sepala
436 2834 459 2871 6
492 2841 574 2870 mm
607 2829 746 2883 longa,
784 2828 930 2881 petala
961 2829 1162 2871 labellum
1194 2829 1336 2871 calcar
1369 2830 1720 2884 subaequilonga.
1756 2852 1810 2858 -

255 2899 485 2942 Decembri
516 2901 560 2942 et
590 2899 814 2943 JanuariO.

373 2979 591 3014 Habcnaria
615 2980 814 3024 anyuiceps
840 2980 956 3015 Bolus
982 2980 1022 3014 in
1047 2980 1179 3015 Journ.
1204 2979 1319 3016 Lim».
1344 2980 1425 3015 Soc.
1440 2980 1563 3015 XXV
1580 2981 1719 3028 (1889),
1745 2984 1810 3018 164

255 3050 284 3077 c.
308 3039 450 3087 xyloqr.
476 3038 650 3075 mediocri
675 3050 710 3074 η.
727 3042 774 3086 2,·
799 3039 900 3076 Krzl.
928 3040 968 3074 in
995 3038 1166 3086 Enqler's
1189 3039 1318 3076 Jahrb.
1346 3039 1454 3087 XVI,
1479 3042 1561 3077 216.
